%% Created using Papers on Sun, 22 Apr 2012.
%% http://mekentosj.com/papers/

@article{ISI:000237339900005,
author = {Partsinevelos, P and Tryfona, N},
title = {{Handling high-level queries in location-based services for user groups}},
journal = {GEOINFORMATICA},
year = {2006},
volume = {{10}},
number = {{2}},
pages = {{213--234}},
month = jun
}

@article{ISI:000178732700003,
author = {Huang, SM and Kwan, I and Li, CH},
title = {{A study on the management of semantic transaction for efficient data retrieval}},
journal = {SIGMOD RECORD},
year = {2002},
volume = {{31}},
number = {{3}},
pages = {{28--33}},
month = sep
}

@inproceedings{ISI:000225222200053,
author = {Wu, SY and Ko, WC},
title = {{Location based access to moving data sources}},
booktitle = {PARALLEL AND DISTRIBUTED COMPUTING SYSTEMS},
year = {2004},
editor = {Bader, DA and Khokhar, AA}},
pages = {{345--352}},
organization = {{Int Soc Comp \{\&} Their Applicat}},
annote = {17th International Conference on Parallel and Distributed Computing Systems, San Francisco, CA, SEP 15-17, 2004}
}

@article{ISI:000175700600007,
author = {Madria, SK and Mohania, M and Bhowmick, SS and Bhargava, B},
title = {{Mobile data and transaction management}},
journal = {Information Sciences},
year = {2002},
volume = {{141}},
number = {{3-4}},
pages = {{279--309}},
month = apr
}

@article{ISI:000221530300002,
author = {Lee, C. and Chen, CC},
title = {{``Cache and carry'' for location management in mobile information systems}},
journal = {Distributed and Parallel Databases},
year = {2004},
volume = {{16}},
number = {{2}},
pages = {{165--192}},
month = sep
}

@inproceedings{ISI:000229371400107,
author = {Lee, EJ and Ryu, KH},
title = {{Design of vehicle information management system for effective retrieving of vehicle location}},
booktitle = {COMPUTATIONAL SCIENCE AND ITS APPLICATIONS - ICCSA 2005, PT 2},
year = {2005},
editor = {Gervasi, O and Gavrilova, ML and Kumar, V and Lagana, A and Lee, HP and Mun, Y and Taniar, D and Tan, CJK}},
pages = {{998--1007}},
organization = {{Inst High Performance Comp; Univ Perugia; Univ Calgary; Univ Minnesota; Queens Univ Belfast; Soc Ind \{\&} Appl Math; IEE; OptimaNumerics Ltd; MASTER UP}},
annote = {International Conference on Computational Science and Its Applications (ICCSA 2005), Singapore, SINGAPORE, MAY 09-12, 2005}
}

@inproceedings{ISI:000181620000005,
author = {Wolfson, O and Chamberlain, S and Kalpakis, K and Yesha, Y},
title = {{Modeling moving objects for location based services}},
booktitle = {COMPUTATIONAL SCIENCE AND ITS APPLICATIONS - ICCSA 2005, PT 2},
year = {2002},
editor = {KonigRies, B and Makki, K and Makki, SAM and Pissinou, N and Scheuermann, P}},
pages = {{46--58}},
organization = {{Natl Sci Fdn; Florida Int Univ, Telecommun \{\&} Informat Technol Inst, Coll Engn}},
annote = {Workshop on Infrastructure for Mobile and Wireless Systems, SCOTTSDALE, ARIZONA, OCT 15, 2001}
}

@article{ISI:000079296600012,
author = {Barbar{\'a}, D},
title = {{Mobile computing and databases - A survey}},
journal = {IEEE TRANSACTIONS ON KNOWLEDGE AND DATA ENGINEERING},
year = {1999},
volume = {{11}},
number = {{1}},
pages = {{108--117}},
month = jan
}

@article{ISI:000298299000007,
author = {Chen, Tzung-Shi and Chou, Yen-Ssu and Chen, Tzung-Cheng},
title = {{Mining User Movement Behavior Patterns in a Mobile Service Environment}},
journal = {IEEE TRANSACTIONS ON SYSTEMS MAN AND CYBERNETICS PART A-SYSTEMS AND HUMANS},
year = {2012},
volume = {{42}},
number = {{1}},
pages = {{87--101}},
month = jan
}

@inproceedings{ISI:000089018200133,
author = {Kwon, SJ and Chung, MY and Sung, DK},
title = {{Mobility management schemes for support of UPT in mobile networks}},
booktitle = {ICC 2000: IEEE INTERNATIONAL CONFERENCE ON COMMUNICATIONS, CONFERENCE RECORD, VOLS 1-3: GLOBAL CONVERGENCE THROUGH COMMUNICATIONS},
year = {2000},
pages = {{675--679}},
organization = {{IEEE Commun Soc; ICC Globecom; IEEE Networking World}},
annote = {IEEE International Conference on Communications (ICC 2000), NEW ORLEANS, LA, JUN 18-22, 2000}
}

@article{ISI:000180647600006,
author = {Chen, GC and Lee, SY},
title = {{Evaluation of distributed and replicated HLR for location management in PCS network}},
journal = {JOURNAL OF INFORMATION SCIENCE AND ENGINEERING},
year = {2003},
volume = {{19}},
number = {{1}},
pages = {{85--101}},
month = jan
}

@article{ISI:000250926900001,
author = {Gedik, Bugra and Liu, Ling},
title = {{Protecting location privacy with personalized k-anonymity: Architecture and algorithms}},
journal = {IEEE TRANSACTIONS ON MOBILE COMPUTING},
year = {2008},
volume = {{7}},
number = {{1}},
pages = {{1--18}},
month = jan
}

@article{ISI:000079857500007,
author = {Menke, TJ and Wray, NP},
title = {{Use of a cost accounting system to evaluate costs of a VA special program}},
journal = {MEDICAL CARE},
year = {1999},
volume = {{37}},
number = {{4, VA}},
pages = {{AS45--AS53}},
month = apr
}

@inproceedings{ISI:000173779000518,
author = {Mitra, S and DasBit, S},
title = {{Query processing in a cellular network - A database approach}},
booktitle = {IEEE VTC 53RD VEHICULAR TECHNOLOGY CONFERENCE, SPRING 2001, VOLS 1-4, PROCEEDINGS},
year = {2001},
pages = {{2560--2564}},
organization = {{IEEE}},
annote = {53rd IEEE Vehicular Technology Conference (VTC), RHODES, GREECE, MAY 06-09, 2001}
}

@inproceedings{ISI:A1996BG78G00050,
author = {Cleveland, JR},
title = {{Performance and design considerations for mobile mesh networks}},
booktitle = {MILCOM 96, CONFERENCE PROCEEDINGS, VOLS 1-3},
year = {1996},
pages = {{245--249}},
organization = {{IEEE Commun Soc; Armed Forces Commun \{\&} Electr Assoc; US Dept Def}},
annote = {1996 IEEE Military Communications Conference (MILCOM 96), MCLEAN, VA, OCT 21-24, 1996}
}

@inproceedings{ISI:000288624000029,
author = {Clark, A. J. and Holliday, Patton and Chau, Robyn and Eisenberg, Harris and Chau, Melinda},
title = {{Collaborative Geospatial Data as Applied to Disaster Relief: Haiti 2010}},
booktitle = {TECHNOLOGY SYSTEMS AND MANAGEMENT},
year = {2010},
editor = {Kim, TH and Fang, WC and Khan, MK and Arnett, KP and Kang, HJ and Slezak, D}},
pages = {{250--258}},
annote = {International Conference on Security Technology/International Conference on Disaster Recovery and Business Continuity, Jeju Island, SOUTH KOREA, DEC 13-15, 2010}
}

@inproceedings{ISI:000227676400082,
author = {Rupp, S and Aladros, RL and Banet, FJ and Siegmund, G},
title = {{Flexible universal networks - a new approach to telecommunication services}},
booktitle = {8TH WORLD MULTI-CONFERENCE ON SYSTEMICS, CYBERNETICS AND INFORMATICS, VOL III, PROCEEDINGS: COMMUNICATION AND NETWORK SYSTEMS, TECHNOLOGIES AND APPLICATIONS},
year = {2004},
editor = {Callaos, N and Lesso, W and Sanchez, B}},
pages = {{448--453}},
organization = {{Int Inst Informat \{\&} System; Amer Soc Cybernet; Acad Non Linear Sci; Univ Las Palmas Gran Canaria, Telemat Engn Dept, Concurrency \{\&} Architecture Grp; CUST, Blaise Pascal Univ, Engn Sci Inst; Cybernet \{\&} Human Knowing; Int Federat Syst Res; Int Syst Inst; Int Soc Syst Sci; Italian Soc System; Univ Nacl San Luis, Lab Res Computac Intelligence, Dept Informat; Polish Syst Soc; Slovenian Artificial Intelligence Soc; Soc Appl Syst Res; Syst Soc Poland; Ctr Syst Studies; Tunisian Sci Soc; World Org System \{\&} Cybernet; IEEE Comp Soc, Venezuela Chapter; IEEE, Venezuela Chapter; Natl Res Council Canada; Steacie Inst Mol Sci}},
annote = {8th World Multi-Conference on Systemics, Cybernetics and Informatics, Orlando, FL, JUL 18-21, 2004}
}

@inproceedings{ISI:000241916700048,
author = {Antonio Alvarez, Juan and Antonio Ortega, Juan and Gonzalez, Luis and Velasco, Francisco and Javier Cuberos, Francisco},
title = {{Ontheway: a prediction system for spatial locations}},
booktitle = {WINSYS 2006: Proceedings of the International Conference on Wireless Information Networks and Systems},
year = {2006},
pages = {{298--303}},
organization = {{Inst Syst \{\&} Technol Informat Control \{\&} Commun; Polytech Inst Setubal; IEEE Syst, Man \{\&} Cybernet Soc; Polytech Inst Leiria; Super Sch Technol \{\&} Business Leiria; Setubal Coll Technol \{\&} Business Leiria}},
annote = {International Conference on Wireless Information Networks and Systems, Setubal Coll Business Adm, Setubal, PORTUGAL, AUG 07-10, 2006}
}

@inproceedings{Seydim:2001wk,
author = {Seydim, AY and Dunham, MH},
title = {{Location dependent query processing}},
booktitle = {Proceedings of the 2nd ACM {\ldots}},
year = {2001}
}

@article{Friedman:2006ux,
author = {Friedman, R},
title = {{Location services in wireless ad hoc and hybrid networks: A survey}},
journal = {Techanical Report},
year = {2006}
}

@article{Satyanarayanan:1996hn,
author = {Satyanarayanan, M},
title = {{Accessing information on demand at any location. Mobile information access}},
journal = {Personal Communications, IEEE},
year = {1996},
volume = {3},
number = {1},
pages = {26--33}
}

@article{Adams:2003un,
author = {Adams, PM and Ashwell, GWB and Baxter, R},
title = {{Location-based services - an overview of the standards}},
journal = {Bt Technology Journal},
year = {2003},
volume = {21},
number = {1},
pages = {34--43}
}

@inproceedings{Mohapatra:2005ii,
author = {Mohapatra, D and Suma, S.B},
title = {{Survey of location based wireless services}},
booktitle = {Personal Wireless Communications, 2005. ICPWC 2005. 2005 IEEE International Conference on},
year = {2005},
pages = {358--362}
}

@article{SerranoAlvarado:2004vy,
author = {Serrano-Alvarado, P and Roncancio, C and Adiba, M},
title = {{A survey of mobile transactions}},
journal = {Distributed and Parallel Databases},
year = {2004},
volume = {16},
number = {2},
pages = {193--230}
}

@inproceedings{Kottkamp:1998bp,
author = {Kottkamp, Hans-Erich and Zukunft, Olaf},
title = {{Location-aware query processing in mobile database systems}},
booktitle = {SAC '98: Proceedings of the 1998 ACM symposium on Applied Computing},
year = {1998},
publisher = { ACM  Request Permissions},
month = feb
}

@article{Haas:1999vr,
author = {Haas, ZJ and Liang, B},
title = {{Ad hoc mobility management with uniform quorum systems}},
journal = {Ieee-Acm Transactions on Networking},
year = {1999},
volume = {7},
number = {2},
pages = {228--240}
}

@inproceedings{Zaslavsky:1998ws,
author = {Zaslavsky, A and Tari, Z},
title = {{Mobile computing: Overview and current status}},
booktitle = {Australian Computer Journal},
year = {1998},
pages = {42--52},
organization = {Monash Univ, Sch Comp Sci {\&} Software Engn, Caulfield 3145, Australia}
}

@article{Ilarri:2006tg,
author = {Ilarri, S and Mena, E},
title = {{Location-dependent queries in mobile contexts: Distributed processing using mobile agents}},
journal = {Mobile Computing},
year = {2006}
}

@article{WIRTH:1995vt,
author = {WIRTH, PE},
title = {{Teletraffic Implications of Database Architectures in Mobile and Personal Communications}},
journal = {Ieee Communications Magazine},
year = {1995},
volume = {33},
number = {6},
pages = {54--59}
}

@article{Wu:2006dr,
author = {Wu, SY and Wu, KT},
title = {{Effective location based services with dynamic data management in mobile environments}},
journal = {Wireless Networks},
year = {2006},
volume = {12},
number = {3},
pages = {369--381}
}

@article{DRoza:2003wz,
author = {D'Roza, T and Bilchev, G},
title = {{An overview of location-based services}},
journal = {Bt Technology Journal},
year = {2003},
volume = {21},
number = {1},
pages = {20--27}
}

@inproceedings{Dunham:1998ci,
author = {Dunham, M.H and Kumar, V},
title = {{Location dependent data and its management in mobile databases}},
booktitle = {Database and Expert Systems Applications, 1998. Proceedings. Ninth International Workshop on},
year = {1998},
pages = {414--419}
}

@article{Lee:2002el,
author = {Lee, Dik Lun and Xu, Jianliang and Zheng, Baihua and Lee, Wang-Chien},
title = {{Data management in location-dependent information services}},
journal = {Pervasive Computing, IEEE},
year = {2002},
volume = {1},
number = {3},
pages = {65--72}
}

@article{Dunham:1995tg,
author = {Dunham, MH},
title = {{Mobile computing and databases: Anything new?}},
journal = {Acm Sigmod Record},
year = {1995}
}

@article{Madria:2002to,
author = {Madria, SK and Mohania, M and Bhowmick, SS and Bhargava, B},
title = {{Mobile data and transaction management}},
journal = {Information Sciences},
year = {2002},
volume = {141},
pages = {279--309}
}

@inproceedings{Seydim:2001:LDQ:376868.376895,
author = {Seydim, Ayse Y. and Dunham, Margaret H. and Kumar, Vijay},
title = {{Location dependent query processing}},
booktitle = {Proceedings of the 2nd ACM international workshop on Data engineering for wireless and mobile access},
year = {2001},
pages = {47--53},
publisher = {ACM},
address = {New York, NY, USA}
}

@inproceedings{ISI:000234873700048,
author = {Mateo, RMA and Gerardo, BD and Lee, JW},
title = {{Location management using hierarchical structured agents for distributed databases}},
booktitle = {COMPUTATIONAL SCIENCE AND ITS APPLICATIONS - ICCSA 2005, PT 2},
year = {2005},
pages = {{337--342}},
organization = {{IEEE Computat Intelligence, Hong Kong Chapter; Xidian Univ; Hong Kong Baptist Univ; Natl Nat Sci Fdn China; Guangdong Univ Technol}},
annote = {International Conference on Computational Intelligence and Security, Xi'an, PEOPLES R CHINA, DEC 15-19, 2005}
}

@article{ISI:000277058900003,
author = {Ilarri, Sergio and Mena, Eduardo and Illarramendi, Arantza},
title = {{Location-Dependent Query Processing: Where We Are and Where We Are Heading}},
journal = {ACM COMPUTING SURVEYS},
year = {2010},
volume = {{42}},
number = {{3}},
month = mar
}

@inproceedings{ISI:000260412900046,
author = {Ahn, Yoon-Ae},
title = {{Design of a Mobile Object Data Management Framework for Location-enhanced Applications}},
booktitle = {ICHIT 2008: INTERNATIONAL CONFERENCE ON CONVERGENCE AND HYBRID INFORMATION TECHNOLOGY, PROCEEDINGS},
year = {2008},
editor = {Lee, G and Ahn, TN and Howard, D and Slezak, D}},
pages = {{270--273}},
organization = {{SERC; Korean Informat Assoc Soc}},
annote = {International Conference on Convergence and Hybrid Information Technology, Daejeon, SOUTH KOREA, AUG 28-29, 2008}
}

@inproceedings{ISI:000258885400029,
author = {Bernardos, Ana M. and Marcos, Daniel and Casar, Jose R.},
title = {{An analysis of context-awareness in commercial mobile services}},
booktitle = {ICE-B 2008: PROCEEDINGS OF THE INTERNATIONAL CONFERENCE ON E-BUSINESS},
year = {2008},
editor = {Filipe, J and Marca, DA and Shishkov, B and VanSinderen, M}},
pages = {{177--184}},
organization = {{Inst Syst \{\&} Technologies Informat, Control \{\&} Commun; Workflow Management Coalit, Proc Thought Leadership; IEEE Syst, Man \{\&} Cybernet Soc}},
annote = {International Conference on e-Business (ICE-B 2008), Oporto, PORTUGAL, JUL 26-29, 2008}
}

@article{ISI:000228862700001,
author = {Elbassioni, K and Elmasry, A and Kamel, I},
title = {{An indexing method for answering queries on moving objects}},
journal = {Distributed and Parallel Databases},
year = {2005},
volume = {{17}},
number = {{3}},
pages = {{215--249}},
month = mar
}

@article{ISI:000171610700012,
author = {Hung, HN and Lin, YB and Peng, NF and Yang, SR},
title = {{Resolving mobile database overflow with most idle replacement}},
journal = {IEEE JOURNAL ON SELECTED AREAS IN COMMUNICATIONS},
year = {2001},
volume = {{19}},
number = {{10}},
pages = {{1953--1961}},
month = oct
}

@inproceedings{ISI:000180121800007,
author = {Wolfson, O},
title = {{Moving objects information management: The database challenge (Vision paper)}},
booktitle = {COMPUTATIONAL SCIENCE AND ITS APPLICATIONS - ICCSA 2005, PT 2},
year = {2002},
editor = {Halevy, A and Gal, A}},
pages = {{75--89}},
annote = {5th International Workshop on Next Generation Information Technologies and Systems, CAESAREA, ISRAEL, JUN 24-25, 2002}
}

@article{ISI:000228597500002,
author = {{Waluyo, AB} and Srinivasan, B and Taniar, D},
title = {{Research on location-dependent queries in mobile databases}},
journal = {COMPUTER SYSTEMS SCIENCE AND ENGINEERING},
year = {2005},
volume = {{20}},
number = {{2}},
pages = {{79--95}},
month = mar
}

@article{ISI:000228597500005,
author = {Kumar, V and Dunham, MH and Prabhu, N},
title = {{Mobilaction: a mobile transaction framework supporting replication and spatial spatial consistency}},
journal = {COMPUTER SYSTEMS SCIENCE AND ENGINEERING},
year = {2005},
volume = {{20}},
number = {{2}},
pages = {{117--131}},
month = mar
}

@inproceedings{ISI:000075726500061,
author = {Dunham, MH and Kumar, V},
title = {{Location dependent data and its management in mobile databases}},
booktitle = {NINTH INTERNATIONAL WORKSHOP ON DATABASE AND EXPERT SYSTEMS APPLICATIONS, PROCEEDINGS},
year = {1998},
editor = {Tjoa, AM and Wagner, RR}},
pages = {{414--419}},
organization = {{IEEE Comp Soc; DEXA Assoc; Austrian Comp Soc; Res Inst Appl Knowledge Proc (FAW); Univ Vienna}},
annote = {9th International Workshop on Database and Expert Systems Applications, VIENNA, AUSTRIA, AUG 26-28, 1998}
}

@inproceedings{ISI:000178285600119,
author = {Chrysanthis, PK and Zadorozhny, VI},
title = {{From location databases to pervasive catalog}},
booktitle = {13TH INTERNATIONAL WORKSHOP ON DATABASE AND EXPERT SYSTEMS APPLICATIONS, PROCEEDINGS},
year = {2002},
editor = {Tjoa, AM and Wagner, RR}},
pages = {{739--744}},
annote = {13th International Workshop on Database and Expert Systems Applications (DEXA 2002), AIX PROVENCE, FRANCE, SEP 02-06, 2002}
}

@inproceedings{ISI:000231416800005,
author = {Huang, XG and Jensen, CS and Saltenis, S},
title = {{The Islands approach to nearest neighbor querying in spatial networks}},
booktitle = {COMPUTATIONAL SCIENCE AND ITS APPLICATIONS - ICCSA 2005, PT 2},
year = {2005},
editor = {Medeiros, CB and Egenhofer, M and Bertino, E}},
pages = {{73--90}},
organization = {{Natl Inst Space Res, Dept Image Proc}},
annote = {9th International Symposium on Advances in Spatial and Temporal Databases, Angra dos Reis, BRAZIL, AUG 22-24, 2005}
}

@article{ISI:000244425700006,
author = {Taniar, David and Goh, John},
title = {{On mining movement pattern from mobile users}},
journal = {INTERNATIONAL JOURNAL OF DISTRIBUTED SENSOR NETWORKS},
year = {2007},
volume = {{3}},
number = {{1}},
pages = {{69--86}},
annote = {11th International Conference on Parallel and Distributed Systems, Fukuoka, JAPAN, JUL 20-22, 2005}
}

@inproceedings{ISI:000287747200075,
author = {Hossain, Md. Shohrab and Atiquzzaman, Mohammed and Ivancic, William},
title = {{Cost Analysis of Mobility Entities of Hierarchical Mobile IPv6}},
booktitle = {MILITARY COMMUNICATIONS CONFERENCE, 2010 (MILCOM 2010)},
year = {2010},
pages = {{2280--2285}},
annote = {MILCOM Military Communications Conference, San Jose, CA, OCT 31-NOV 03, 2010}
}

@inproceedings{ISI:000297040200003,
author = {Chavan, Hariram and Sane, Suneeta and Kekre, H. B.},
title = {{A Markov Model Based Cache Replacement Policy for Mobile Environment}},
booktitle = {TECHNOLOGY SYSTEMS AND MANAGEMENT},
year = {2011},
editor = {Shah, K and Gorty, VRL and Phirke, A}},
pages = {{18--26}},
organization = {{Central Bank India; IEEE Bombay Sect; EMC2}},
annote = {1st International Conference on Technology Systems and Management (ICTSM 2011), Mumbai, INDIA, FEB 25-27, 2011}
}

@inproceedings{ISI:000259411102101,
author = {Joy, Vimal and Sridevi, S. and Vimal, Laxman P.},
title = {{Location based services - Enterprise mobility}},
booktitle = {WCNC 2008: IEEE WIRELESS COMMUNICATIONS \{\&} NETWORKING CONFERENCE, VOLS 1-7},
year = {2008},
pages = {{3087--3092}},
organization = {{IEEE}},
annote = {IEEE Wireless Communications and Networking Conference, Las Vegas, NE, MAR 31-APR 03, 2008}
}

@article{ISI:000167507300004,
author = {Murase, T and Tsukamoto, M and Shibata, H and Liu, BJ and Nishio, S},
title = {{MobiView: A database integration mechanism based on database view for mobile computing}},
journal = {IEICE TRANSACTIONS ON INFORMATION AND SYSTEMS},
year = {2001},
volume = {{E84D}},
number = {{3}},
pages = {{340--347}},
month = mar
}

@inproceedings{ISI:000295921100039,
author = {Ilyas, Muhamed and {Vijayakumar}},
title = {{Efficient Range Query Processing with a Proxy Based Hierarchical Database in a Cellular Network}},
booktitle = {2ND INTERNATIONAL SYMPOSIUM ON COMPUTER NETWORK AND MULTIMEDIA TECHNOLOGY (CNMT 2010), VOLS 1 AND 2},
year = {2010},
editor = {Ma, P and Qaiser, M}},
pages = {{165--168}},
organization = {{Huazhong Normal Univ; Huazhong Univ Sci \{\&} Technol; Wuhan Univ; Natl Technol Univ Ukraine; Royal Inst Technol; Columbia Univ; Harbin Univ Technol; Res Assoc Modern Educ \{\&} Comp Sci; IEEE Educ Soc; IEEE Wuhan Sect E Chapter; IEEE}},
annote = {2nd International Symposium on Computer Network and Multimedia Technology (CNMT), Wuhan, PEOPLES R CHINA, DEC 24-26, 2010}
}

@article{Dunham:1995:MCD:219713.219727,
author = {Dunham, Margaret H. and Helal, Abdelsalam},
title = {{Mobile computing and databases: anything new?}},
journal = {SIGMOD Rec.},
year = {1995},
volume = {24},
pages = {5--9},
month = dec
}

@inproceedings{ISI:000288692500051,
author = {Chavan, Hariram and Sane, Suneeta},
title = {{Mobile Database Cache Replacement Policies: LRU and PPRRP}},
booktitle = {TECHNOLOGY SYSTEMS AND MANAGEMENT},
year = {2011},
editor = {Meghanathan, N and Kaushik, BK and Nagamalai, D}},
pages = {{523--531}},
organization = {{Acad \{\&} Ind Res Collaborat Ctr}},
annote = {1st International Conference on Computer Science and Information Technology, Bangalore, INDIA, JAN 02-04, 2011}
}

@inproceedings{ISI:000181655500023,
author = {Chen, Y and Rao, FY and Yu, XL and Liu, D},
title = {{CAMEL: A moving object database approach for intelligent location aware services}},
booktitle = {COMPUTATIONAL SCIENCE AND ITS APPLICATIONS - ICCSA 2005, PT 2},
year = {2003},
editor = {Chen, MS and Chrysanthis, PK and Sloman, M and Zaslavsky, A},
pages = {{331--334}},
organization = {{Monash Univ; Distributed Syst Technol Ctr}},
annote = {4th International Conference on Mobile Data Management, MELBOURNE, AUSTRALIA, JAN 21-24, 2003}
}

@inproceedings{ISI:000271897800008,
author = {Ilarri, Sergio and Corral, Antonio and Bobed, Carlos and Mena, Eduardo},
title = {{Probabilistic Granule-Based Inside and Nearest Neighbor Queries}},
booktitle = {COMPUTATIONAL SCIENCE AND ITS APPLICATIONS - ICCSA 2005, PT 2},
year = {2009},
editor = {Grundspenkis, J and Morzy, T and Vossen, G}},
pages = {{103--117}},
annote = {13th East European Conference on Advances in Databases and Information Systems, Riga, LATVIA, SEP 07-10, 2009}
}

@inproceedings{ISI:000184696600020,
author = {Wu, SY and Wu, KT},
title = {{Dynamic data management for location based services in mobile environments}},
booktitle = {SEVENTH INTERNATIONAL DATABASE ENGINEERING AND APPLICATIONS SYMPOSIUM, PROCEEDINGS},
year = {2003},
editor = {Desai, BC and Ng, W}},
pages = {{180--189}},
organization = {{IEEE Comp Soc; KC Wong Educ Fdn}},
annote = {7th International Database Engineering and Applications Symposium, HONG KONG, PEOPLES R CHINA, JUL 16-18, 2003}
}

